@Manual{repr,
    title = {repr: Serializable Representations},
    author = {Philipp Angerer and Thomas Kluyver and Jan Schulz},
    year = {2023},
    note = {R package version 1.1.6},
    url = {https://CRAN.R-project.org/package=repr},
}

@Manual{tidyverse,
    title         = {tidyverse: Easily Install and Load the 'Tidyverse'},
    author        = {Hadley Wickham},
    year          = {2017},
    note          = {R package version 1.2.1},
    url           = {https://CRAN.R-project.org/package=tidyverse},
}

@Manual{tidymodels,
    title = {Tidymodels: a collection of packages for modeling and machine learning using tidyverse principles.},
    author = {Max Kuhn and Hadley Wickham},
    url = {https://www.tidymodels.org},
    year = {2020},
}

@Manual{R,
    title         = {R: A Language and Environment for Statistical Computing},
    author        = {{R Core Team}},
    organization  = {R Foundation for Statistical Computing},
    address       = {Vienna, Austria},
    year          = {2019},
    url           = {https://www.R-project.org/},
}

@Manual{kknn,
    title = {kknn: Weighted k-Nearest Neighbors},
    author = {Klaus Schliep and Klaus Hechenbichler},
    year = {2016},
    note = {R package version 1.3.1},
    url = {https://CRAN.R-project.org/package=kknn},
}

@Manual{psych,
    title = {psych: Procedures for Psychological, Psychometric, and Personality Research},
    author = {{William Revelle}},
    organization = {Northwestern University},
    address = {Evanston, Illinois},
    year = {2024},
    note = {R package version 2.4.1},
    url = {https://CRAN.R-project.org/package=psych},
}

@InCollection{knitr,
    booktitle     = {Implementing Reproducible Computational Research},
    editor        = {Victoria Stodden and Friedrich Leisch and Roger D. Peng},
    title         = {knitr: A Comprehensive Tool for Reproducible Research in {R}},
    author        = {Yihui Xie},
    publisher     = {Chapman and Hall/CRC},
    year          = {2014},
    note          = {ISBN 978-1466561595},
    url           = {http://www.crcpress.com/product/isbn/9781466561595},
}

@Manual{wine_quality,
    title = {Wine Quality},
    author = {Cortez,P., Cerdeira,A., Almeida,F., Matos,T., and Reis,J..},
    organization = {UCI Machine Learning Repository},
    year = {2009},
    url = {https://doi.org/10.24432/C56S3T},
}

@Manual{vinho_verde,
    title = {Vinho Verde},
    organization = {CVRVV},
    year = {2024},
    url = {https://www.vinhoverde.pt/en/homepage},
}

@Manual{wine_relevant_atts,
    title = {Relevant attributes of Portuguese wines: matching regions and consumer's involvement level},
    author = {Fernandes Ferreira Madureira,T.C. and Sim√µes de Sousa Nunes, F.J.},
    organization = {International Journal of Wine Business Research},
    year = {2013},
    url = {ttps://doi.org/10.1108/17511061311317318},
}